
@inproceedings {Edmondson-KaRL-ksem2011,
   author = {Edmondson, James and Gokhale, Aniruddha},
   affiliation = {Vanderbilt University},
   title = {Design of a Scalable Reasoning Engine for Distributed, Real-time and Embedded Systems},
   booktitle = {Proceedings of the 5th conference on Knowledge Science, Engineering and Management, KSEM 2011},
   series = {Lecture Notes in Artificial Intelligence (LNAI)},
   publisher = {Springer},
   keyword = {Computer Science},
   year = {2011}
}
@inproceedings{gillen2012beyond,
  title={Beyond line-of-sight information dissemination for Force Protection},
  author={Gillen, Matthew and Loyall, Joseph and Usbeck, Kyle and Hanlon, Kelly and Scally, Andrew and Sterling, Joshua and Newkirk, Richard and Kohler, Ralph},
  booktitle={MILITARY COMMUNICATIONS CONFERENCE, 2012-MILCOM 2012},
  pages={1--6},
  year={2012},
  organization={IEEE}
}

@inproceedings{ranft20133d,
  title={3D Perception for Autonomous Navigation of a Low-Cost MAV using Minimal Landmarks},
  author={Ranft, Benjamin and Dugelay, Jean-Luc and Apvrille, Ludovic},
  booktitle={International Micro Air Vehicle Conference and Flight Competition (IMAVâ€™2013), Toulouse, France},
  year={2013}
}

@article{kochflying,
  title={Flying Augmented Reality},
  author={Koch, Volker and Ritterbusch, Sebastian and Kopmann, Andreas and M{\"u}ller, Marius and Habel, Thorsten and von Both, Petra}
}

@article{irizarry2012usability,
  title={Usability assessment of drone technology as safety inspection tools},
  author={Irizarry, Javier and Gheisari, Masoud and Walker, Bruce N},
  journal={Journal of Information Technology in Construction (ITcon)},
  volume={17},
  pages={194--212},
  year={2012}
}

@article{arora2013development,
  title={Development of an Autonomous Quadrotor for Aerial Manipulation},
  author={Arora, Akash and Choe, Young Ho},
  journal={UoAA},
  pages={31},
  year={2013}
}